@inproceedings{vu2022new,
  title={A new phase linking algorithm for multi-temporal INSAR based on the maximum likelihood estimator},
  author={P. Vu and F. Brigui and A. Breloy and Y. Yan and G. Ginolhac},
  booktitle= {IGARSS 2022-2022 IEEE International Geoscience and Remote Sensing Symposium},
  pages={76--79},
  year={2022},
  organization={IEEE}
}


@inproceedings{doin2011presentation,
  title={Presentation of the small baseline NSBAS processing chain on a case example: The Etna deformation monitoring from 2003 to 2010 using Envisat data},
  author={M.Doin and S. Guillaso and R. Jolivet and C. Lasserre and F. Lodge and G. Ducret and R. Grandin},
  booktitle={Proceedings of the Fringe symposium},
  pages={3434--3437},
  year={2011},
  organization={ESA SP-697, Frascati, Italy}
}

@inproceedings{wu2019continuous,
  title={Continuous monitoring the ground deformation by a step-by-step estimator in MTInSAR},
  author={S. Wu and X. Ding and B. Zhang},
  booktitle={IGARSS 2019-2019 IEEE International Geoscience and Remote Sensing Symposium},
  pages={1994--1997},
  year={2019},
  organization={IEEE}
}

@article{petersen2008matrix,
  title = {The Matrix Cookbook},
  author = {K. Petersen and M. Pedersen and others},
  journal = {Technical University of Denmark},
  volume = {7},
  number = {15},
  pages = {510},
  year = {2008}
}
@article{vu2023robust,
  title={Robust Phase Linking in InSAR},
  author = {P. Vu and A. Breloy and F. Brigui and Y. Yan and G. Ginolhac},
  journal={IEEE Transactions on Geoscience and Remote Sensing},
  year={2023},
  volume={61},
  number={},
  pages={1-11},
  publisher={IEEE}
}

@article{ansari2017sequential,
  title={Sequential estimator: Toward efficient InSAR time series analysis},
  author={H. Ansari and F. De Zan and R. Bamler},
  journal={IEEE Transactions on Geoscience and Remote Sensing},
  volume={55},
  number={10},
  pages={5637--5652},
  year={2017},
  publisher={IEEE}
}

@article{guarnieri2008exploitation,
  title={On the exploitation of target statistics for SAR interferometry applications},
  author={A. Guarnieri and S. Tebaldini},
  journal={IEEE Transactions on Geoscience and Remote Sensing},
  volume={46},
  number={11},
  pages={3436--3443},
  year={2008},
  publisher={IEEE}
}

@article{bamler1998synthetic,
  title={Synthetic aperture radar interferometry},
  author={R. Bamler and P. Hartl},
  journal={Inverse problems},
  volume={14},
  number={4},
  pages={R1},
  year={1998},
  publisher={IOP Publishing}
}

@article{de2020progressive,
  title={Progressive InSAR phase estimation},
  author={F. De Zan},
  journal={arXiv preprint arXiv:2010.02533},
  year={2020}
}

@article{mirzaee2022non,
  title={Non-linear phase linking using joined distributed and persistent scatterers},
  author={S. Mirzaee and F. Amelung and H. Fattahi},
  journal={Computers \& geosciences},
  pages={105291},
  year={2022},
  publisher={Elsevier}
}

@ARTICLE{9763551,
  author={C. Wang and X. Wang and Y. Xu and Zhang, Bochen and M. Jiang and S. Xiong and Q. Zhang and W. Li and Q. Li},
  journal={IEEE Transactions on Geoscience and Remote Sensing}, 
  title={A New Likelihood Function for Consistent Phase Series Estimation in Distributed Scatterer Interferometry}, 
  year={2022},
  volume={60},
  number={},
  pages={1-14},
  doi={10.1109/TGRS.2022.3170567}}

@ARTICLE{10261889,
  author={D. Minh  and S. Tebaldini},
  journal={IEEE Geoscience and Remote Sensing Magazine}, 
  title={Interferometric Phase Linking: Algorithm, application, and perspective}, 
  year={2023},
  volume={11},
  number={3},
  pages={46-62},
  doi={10.1109/MGRS.2023.3300974}}

  
@article{eppler2022adapting,
  title={Adapting inSAR phase linking for seasonally snow-covered terrain},
  author={J. Eppler and B. Rabus},
  journal={IEEE Transactions on Geoscience and Remote Sensing},
  volume={60},
  pages={1--13},
  year={2022},
  publisher={IEEE}
}

@article{osmanouglu2016time,
  title={Time series analysis of InSAR data: Methods and trends},
  author={B. Osmano{\u{g}}lu and F. Sunar and S. Wdowinski and E. Cabral-Cano},
  journal={ISPRS Journal of Photogrammetry and Remote Sensing},
  volume={115},
  pages={90--102},
  year={2016},
  publisher={Elsevier}
}

@article{ferretti2001permanent,
  title={Permanent scatterers in SAR interferometry},
  author={A. Ferretti and C. Prati and F. Rocca},
  journal={IEEE Transactions on geoscience and remote sensing},
  volume={39},
  number={1},
  pages={8--20},
  year={2001},
  publisher={IEEE}
}

@article{ferretti2011new,
  title={A new algorithm for processing interferometric data-stacks: SqueeSAR},
  author={A. Ferretti and A. Fumagalli and F. Novali and C. Prati and F. Rocca and A. Rucci},
  journal={IEEE transactions on geoscience and remote sensing},
  volume={49},
  number={9},
  pages={3460--3470},
  year={2011},
  publisher={IEEE}
}

@article{hooper2007persistent,
  title={Persistent scatterer interferometric synthetic aperture radar for crustal deformation analysis, with application to Volc{\'a}n Alcedo, Gal{\'a}pagos},
  author={A. Hooper and P. Segall and H. Zebker},
  journal={Journal of Geophysical Research: Solid Earth},
  volume={112},
  number={B7},
  year={2007},
  publisher={Wiley Online Library}
}

@article{berardino2002new,
  title={A new algorithm for surface deformation monitoring based on small baseline differential SAR interferograms},
  author={P. Berardino and G. Fornaro and R. Lanari and E. Sansosti},
  journal={IEEE Transactions on geoscience and remote sensing},
  volume={40},
  number={11},
  pages={2375--2383},
  year={2002},
  publisher={IEEE}
}


@article{samiei2016phase,
  title={Phase estimation for distributed scatterers in InSAR stacks using integer least squares estimation},
  author={S. Samiei-Esfahany and J. Martins and F. Van Leijen and R. Hanssen},
  journal={IEEE Transactions on Geoscience and Remote Sensing},
  volume={54},
  number={10},
  pages={5671--5687},
  year={2016},
  publisher={IEEE}
}

@article{wang2023sequential,
  title={Sequential DS-ISBAS InSAR Deformation Parameter Dynamic Estimation and Quality Evaluation},
  author={B. Wang and C. Zhao and Q. Zhang and X. Liu and Z. Lu and C. Liu and J. Zhang},
  journal={Remote Sensing},
  volume={15},
  number={8},
  pages={2097},
  year={2023},
  publisher={MDPI}
}

@article{wang2019sequential,
  title={Sequential estimation of dynamic deformation parameters for SBAS-InSAR},
  author={B. Wang and C. Zhao and Q. Zhang and Z. Lu and Z. Li and Y. Liu},
  journal={IEEE Geoscience and Remote Sensing Letters},
  volume={17},
  number={6},
  pages={1017--1021},
  year={2019},
  publisher={IEEE}
}

@article{ansari2018efficient,
  title={Efficient phase estimation for interferogram stacks},
  author={H. Ansari and F. De Zan and R. Bamler},
  journal={IEEE Transactions on Geoscience and Remote Sensing},
  volume={56},
  number={7},
  pages={4109--4125},
  year={2018},
  publisher={IEEE}
}

@article{yan2012mexico,
  title={Mexico City subsidence measured by InSAR time series: Joint analysis using PS and SBAS approaches},
  author={Y. Yan and M. Doin and P. Lopez-Quiroz and F. Tupin and B. Fruneau and V. Pinel and E. Trouv{\'e}},
  journal={IEEE Journal of Selected Topics in Applied Earth Observations and Remote Sensing},
  volume={5},
  number={4},
  pages={1312--1326},
  year={2012},
  publisher={IEEE}
}

@article{cao2015mathematical,
  title={Mathematical framework for phase-triangulation algorithms in distributed-scatterer interferometry},
  author={N. Cao and H. Lee and H. Jung},
  journal={IEEE Geoscience and Remote Sensing Letters},
  volume={12},
  number={9},
  pages={1838--1842},
  year={2015},
  publisher={IEEE}
}

@article{de2020progressive,
  title={Progressive InSAR phase estimation},
  author={F. De Zan},
  journal={arXiv preprint arXiv:2010.02533},
  year={2020}
}

@article{ansari2020study,
  title={Study of systematic bias in measuring surface deformation with SAR interferometry},
  author={H. Ansari and F. De Zan and A. Parizzi},
  journal={IEEE Transactions on Geoscience and Remote Sensing},
  volume={59},
  number={2},
  pages={1285--1301},
  year={2020},
  publisher={IEEE}
}

@techreport{anderson1962introduction,
  title={An introduction to multivariate statistical analysis},
  author={T. W. Anderson},
  year={1962}
}

@book{anderson1958introduction,
  title={An introduction to multivariate statistical analysis},
  author={T. W. Anderson},
  volume={2},
  year={1958},
  publisher={Wiley New York}
}
